<?xml version="1.0" encoding="UTF-8" ?><marc:collection xmlns:marc="http://www.loc.gov/MARC21/slim" xmlns:xsi="http://www.w3.org/2001/XMLSchema-instance" xsi:schemaLocation="http://www.loc.gov/MARC21/slim http://www.loc.gov/standards/marcxml/schema/MARC21slim.xsd">
<marc:record><marc:leader>02035cam a2200421Mi 4500</marc:leader>
<marc:controlfield tag="001">b12897565</marc:controlfield>
<marc:controlfield tag="003">UaCaAUL</marc:controlfield><marc:controlfield tag="005">20160919125613.0</marc:controlfield><marc:controlfield tag="008">950110s1952    ua a    r     110 0 araod</marc:controlfield><marc:datafield tag="035" ind1=" " ind2=" "><marc:subfield code="a">(OCoLC)427634986</marc:subfield></marc:datafield><marc:datafield tag="040" ind1=" " ind2=" "><marc:subfield code="a">LGG</marc:subfield><marc:subfield code="b">eng</marc:subfield><marc:subfield code="e">rda</marc:subfield><marc:subfield code="c">LGG</marc:subfield><marc:subfield code="d">OCLCQ</marc:subfield><marc:subfield code="d">OCLCF</marc:subfield><marc:subfield code="d">OCLCO</marc:subfield><marc:subfield code="d">OCL</marc:subfield><marc:subfield code="d">OCLCQ</marc:subfield><marc:subfield code="d">OCLCO</marc:subfield><marc:subfield code="d">MEAUC</marc:subfield></marc:datafield><marc:datafield tag="041" ind1="0" ind2=" "><marc:subfield code="a">ara</marc:subfield><marc:subfield code="b">eng</marc:subfield><marc:subfield code="b">fre</marc:subfield></marc:datafield><marc:datafield tag="049" ind1=" " ind2=" "><marc:subfield code="a">MAIN</marc:subfield></marc:datafield><marc:datafield tag="050" ind1=" " ind2="4"><marc:subfield code="a">B751.Z7</marc:subfield><marc:subfield code="b">M496 1952a</marc:subfield></marc:datafield><marc:datafield tag="066" ind1=" " ind2=" "><marc:subfield code="c">(3</marc:subfield></marc:datafield><marc:datafield tag="090" ind1=" " ind2=" "><marc:subfield code="a">B751.Z7</marc:subfield><marc:subfield code="b">M496 1952</marc:subfield></marc:datafield><marc:datafield tag="111" ind1="2" ind2=" "><marc:subfield code="6">880-01</marc:subfield><marc:subfield code="a">Mihrajān al-Alfī li-Dhikrʹa Ibn Sīnā,</marc:subfield><marc:subfield code="d">(1952 :</marc:subfield><marc:subfield code="c">Baghdad, Iraq)</marc:subfield></marc:datafield><marc:datafield tag="245" ind1="1" ind2="3"><marc:subfield code="6">880-02</marc:subfield><marc:subfield code="a">al-Kitāb al-dhahabī lil-Mihrajān al-Alfī li-Dhikrá Ibn Sīnā :</marc:subfield><marc:subfield code="b">Baghdād min 20 ilá 28 Māris 1952.</marc:subfield></marc:datafield><marc:datafield tag="246" ind1="3" ind2="5"><marc:subfield code="a">Millénaire d'Avicenne : Congrès de Bagdad 20-28 mars 1952.</marc:subfield></marc:datafield><marc:datafield tag="264" ind1=" " ind2="1"><marc:subfield code="6">880-03</marc:subfield><marc:subfield code="a">al-Qāhirah :</marc:subfield><marc:subfield code="b">Maṭbaʻat Miṣr,</marc:subfield><marc:subfield code="c">1952.</marc:subfield></marc:datafield><marc:datafield tag="300" ind1=" " ind2=" "><marc:subfield code="a">6, 463, 69 pages, 11 unnumbered leaves of plates :</marc:subfield><marc:subfield code="b">illustrations ;</marc:subfield><marc:subfield code="c">24 cm.</marc:subfield></marc:datafield><marc:datafield tag="336" ind1=" " ind2=" "><marc:subfield code="a">text</marc:subfield><marc:subfield code="b">txt</marc:subfield><marc:subfield code="2">rdacontent.</marc:subfield></marc:datafield><marc:datafield tag="337" ind1=" " ind2=" "><marc:subfield code="a">unmediated</marc:subfield><marc:subfield code="b">n</marc:subfield><marc:subfield code="2">rdamedia.</marc:subfield></marc:datafield><marc:datafield tag="338" ind1=" " ind2=" "><marc:subfield code="a">volume</marc:subfield><marc:subfield code="b">nc</marc:subfield><marc:subfield code="2">rdacarrier.</marc:subfield></marc:datafield><marc:datafield tag="500" ind1=" " ind2=" "><marc:subfield code="a">Title on added title page: Millénaire d'Avicenne : Congrès de Bagdad 20-28 mars 1952.</marc:subfield></marc:datafield><marc:datafield tag="500" ind1=" " ind2=" "><marc:subfield code="a">At head of t.p.: Jam̄iʻat al-Duwal al-ʻArabiȳah. al-Idar̄ah al-Thaqaf̄iȳah.</marc:subfield></marc:datafield><marc:datafield tag="546" ind1=" " ind2=" "><marc:subfield code="a">Conference papers and proceedings in Arabic, French and English.</marc:subfield></marc:datafield><marc:datafield tag="600" ind1="0" ind2="0"><marc:subfield code="a">Avicenna,</marc:subfield><marc:subfield code="d">980-1037</marc:subfield><marc:subfield code="v">Congresses.</marc:subfield></marc:datafield><marc:datafield tag="650" ind1=" " ind2="0"><marc:subfield code="a">Islamic philosophy</marc:subfield><marc:subfield code="v">Congresses.</marc:subfield></marc:datafield><marc:datafield tag="710" ind1="2" ind2=" "><marc:subfield code="6">880-04</marc:subfield><marc:subfield code="a">League of Arab States.</marc:subfield><marc:subfield code="b">Idārah al-Thaqāfīyah.</marc:subfield></marc:datafield><marc:datafield tag="880" ind1="1" ind2="2"><marc:subfield code="6">245-02/(3/r</marc:subfield><marc:subfield code="a">الكتاب الذهبي للمهرجان الألفي لذكرى ابن سينا :</marc:subfield><marc:subfield code="b">بغداد من 20 الى 28 مارس 1952.</marc:subfield></marc:datafield><marc:datafield tag="880" ind1="2" ind2=" "><marc:subfield code="6">111-01/(3/r</marc:subfield><marc:subfield code="a">مهرجان الألفي لذكر ابن سينا،</marc:subfield><marc:subfield code="d">(1952 :</marc:subfield><marc:subfield code="c">بغدد،عراق).</marc:subfield></marc:datafield><marc:datafield tag="880" ind1=" " ind2="1"><marc:subfield code="6">264-03/(3/r</marc:subfield><marc:subfield code="a">[القاهرة] :</marc:subfield><marc:subfield code="b">مطبعة مصر،</marc:subfield><marc:subfield code="c">1952.</marc:subfield></marc:datafield><marc:datafield tag="880" ind1="2" ind2=" "><marc:subfield code="6">710-04/(3/r</marc:subfield><marc:subfield code="a">جامعة الدول العربية.</marc:subfield><marc:subfield code="b">إدارة الثقافية..</marc:subfield></marc:datafield><marc:datafield tag="907" ind1=" " ind2=" "><marc:subfield code="a">.b12897565</marc:subfield><marc:subfield code="b">main </marc:subfield></marc:datafield><marc:datafield tag="902" ind1=" " ind2=" "><marc:subfield code="a">170207</marc:subfield></marc:datafield><marc:datafield tag="998" ind1=" " ind2=" "><marc:subfield code="b">2</marc:subfield><marc:subfield code="c">021203</marc:subfield><marc:subfield code="d">m</marc:subfield><marc:subfield code="e">a</marc:subfield><marc:subfield code="f">-</marc:subfield><marc:subfield code="g">3</marc:subfield><marc:subfield code="k">MER, SHA</marc:subfield></marc:datafield><marc:datafield tag="945" ind1=" " ind2=" "><marc:subfield code="l">main </marc:subfield></marc:datafield></marc:record>
</marc:collection>
